@article{buterin2014next,
  title  = {A next-generation smart contract and decentralized application platform},
  author = {Buterin, Vitalik and others}
}

@inproceedings{delmolino2016step,
  title        = {Step by step towards creating a safe smart contract: Lessons and insights from a cryptocurrency lab},
  author       = {Delmolino, Kevin and Arnett, Mitchell and Kosba, Ahmed and Miller, Andrew and Shi, Elaine},
  booktitle    = {International conference on financial cryptography and data security},
  pages        = {79--94},
  year         = {2016},
  organization = {Springer}
}

@misc{ethereum:evm,
  author       = {Ethereum foundation},
  howpublished = {\url{https://eth.wiki/en/concepts/evm/ethereum-virtual-machine-(evm)-awesome-list}},
  note         = {[Online; Accessed: 2020-06-10]},
  title        = {Ethereum Virtual Machine wiki},
  year         = {2017}
}

@misc{ethereum:sharding,
  author       = {Ethereum foundation},
  howpublished = {\url{https://eth.wiki/sharding/Sharding-FAQs}},
  note         = {[Online; Accessed: 2020-06-10]},
  title        = {On sharding blockchains FAQs},
  year         = {2018}
}

@inproceedings{kosba2016hawk,
  author    = {A. {Kosba} and A. {Miller} and E. {Shi} and Z. {Wen} and C. {Papamanthou}},
  booktitle = {2016 IEEE Symposium on Security and Privacy (SP)},
  title     = {Hawk: The Blockchain Model of Cryptography and Privacy-Preserving Smart Contracts},
  year      = {2016},
  volume    = {},
  number    = {},
  pages     = {839-858}
}

@techreport{nakamoto2019bitcoin,
  title       = {Bitcoin: A peer-to-peer electronic cash system},
  author      = {Nakamoto, Satoshi},
  year        = {2019},
  institution = {Manubot}
}

@inproceedings{facebookTAO,
  author    = {Bronson, Nathan and Amsden, Zach and Cabrera, George and Chakka, Prasad and Dimov, Peter and Ding, Hui and Ferris, Jack and Giardullo, Anthony and Kulkarni, Sachin and Li, Harry and others},
  booktitle = {USENIX ATC},
  title     = {Tao: Facebook's distributed data store for the social graph},
  year      = {2013}
}

@inproceedings{sciascia2012sdur,
  author    = {D. Sciascia and F. Pedone and F. Junqueira},
  booktitle = {Proceedings of the 2012 42nd Annual IEEE/IFIP International Conference on Dependable Systems and Networks},
  pages     = {1-12},
  publisher = {{IEEE} Computer Society},
  series    = {DSN '12},
  title     = {Scalable deferred update replication},
  year      = {2012}
}

@inproceedings{aguilera2007sinfonia,
  author    = {Aguilera, Marcos K. and Merchant, Arif and Shah, Mehul and Veitch, Alistair and Karamanolis, Christos},
  booktitle = {SOSP},
  title     = {Sinfonia: A New Paradigm for Building Scalable Distributed Systems},
  year      = {2007}
}

@article{curino2010sch,
  author  = {Curino, Carlo and Jones, Evan and Zhang, Yang and Madden, Sam},
  journal = {Proc. VLDB Endow.},
  title   = {Schism: A Workload-driven Approach to Database Replication and Partitioning},
  year    = {2010}
}

@article{taft2014est,
  author  = {Taft, Rebecca and Mansour, Essam and Serafini, Marco and Duggan, Jennie and Elmore, Aaron J. and Aboulnaga, Ashraf and Pavlo, Andrew and Stonebraker, Michael},
  journal = {Proc. VLDB Endow},
  title   = {{E-Store}: Fine-grained Elastic Partitioning for Distributed Transaction Processing Systems},
  year    = {2014}
}