%% This BibTeX bibliography file was created using BibDesk.
%% xhttp://bibdesk.sourceforge.net/

%% Created for Fernando Pedone at 2006-08-18 14:12:55 +0200 

@inproceedings{Abou-Rjeili:2006,
 author = {Abou-Rjeili, Amine and Karypis, George},
 title = {Multilevel Algorithms for Partitioning Power-law Graphs},
 booktitle = {IPDPS'06},
 year = {2006}
}

@article{kernighan1970efficient,
  title={An efficient heuristic procedure for partitioning graphs},
  author={Kernighan, Brian W and Lin, Shen},
  journal={Bell system technical journal},
  year={1970}
}

@article{hendrickson2000graph,
author = "Bruce Hendrickson and Tamara Kolda",
title = "Graph partitioning models for parallel computing",
journal = "Parallel Computing",
year = "2000"
}

@article{holme-kim,
 title={Growing scale-free networks with tunable clustering},
 author={Holme, Petter and Kim, Beom Jun},
 journal={Physical review E},
 volume={65},
 number={2},
 pages={026107},
 year={2002},
 publisher={APS}
}

@article{Gilbert:2002,
 author = {Gilbert, Seth and Lynch, Nancy},
 title = {Brewer's Conjecture and the Feasibility of Consistent, Available, Partition-tolerant Web Services},
 journal = {SIGACT News},
 volume = {33},
 number = {2},
 month = jun,
 year = {2002},
 pages = {51--59}
} 

@article{taft2014est,
 author = {Taft, Rebecca and Mansour, Essam and Serafini, Marco and Duggan, Jennie and Elmore, Aaron J. and Aboulnaga, Ashraf and Pavlo, Andrew and Stonebraker, Michael},
 title = {{E-Store}: Fine-grained Elastic Partitioning for Distributed Transaction Processing Systems},
 journal = {Proc. VLDB Endow.},
 year = {2014}
} 

@inproceedings{facebookTAO,
  title={Tao: Facebook's distributed data store for the social graph},
  author={Bronson, Nathan and Amsden, Zach and Cabrera, George and Chakka, Prasad and Dimov, Peter and Ding, Hui and Ferris, Jack and Giardullo, Anthony and Kulkarni, Sachin and Li, Harry and others},
  booktitle={USENIX ATC},
  year={2013}
}

@inproceedings{Aguilera:2007,
 author = {Aguilera, Marcos K. and Merchant, Arif and Shah, Mehul and Veitch, Alistair and Karamanolis, Christos},
 title = {Sinfonia: A New Paradigm for Building Scalable Distributed Systems},
 booktitle = {SOSP},
 year = {2007}
 } 

@inproceedings{Shvachko:2003, 
author={Shvachko, K. and Hairong Kuang and Radia, S. and Chansler, R.}, 
booktitle={MSST}, 
title={The Hadoop Distributed File System}, 
year={2010}
}

@inproceedings{Ghemawat:2003,
 author = {Ghemawat, Sanjay and Gobioff, Howard and Leung, Shun-Tak},
 title = {The Google File System},
 booktitle = {SOSP},
 year = {2003}
} 

@inproceedings{Burrows:2006,
 author = {Burrows, Mike},
 title = {The Chubby Lock Service for Loosely-coupled Distributed Systems},
 booktitle = {OSDI},
 year = {2006}
 } 

@inproceedings{MacCormick:2004,
 author = {MacCormick, John and Murphy, Nick and Najork, Marc and Thekkath, Chandramohan A. and Zhou, Lidong},
 title = {Boxwood: Abstractions As the Foundation for Storage Infrastructure},
 booktitle = {OSDI},
 year = {2004}
 } 


@inproceedings{Marandi11,
   author    = {P. Marandi and M. Primi and F. Pedone},
   title     = {High Performance State-Machine Replication},
   booktitle = {DSN},
   year      = {2011}
}

@inproceedings{Glendenning2011,
   author    = {L. Glendenning and I. Beschastnikh and A. Krishnamurthy and T. Anderson},
   title     = {Scalable consistency in {Scatter}},
   booktitle = {SOSP},
   year      = {2011}
}

@article{corbett2013spanner,
   author    = {J. Corbett and others},
   title     = {Spanner: Google's Globally Distributed Database},
   journal   = {ACM Transactions on Computer Systems},
   publisher = {ACM},
   volume    = {31},
   number    = {3},
   pages     = {8:1-8:22},
   year      = {2013}
}

@inproceedings{SousaOMP01,
   author    = {A. Sousa and R. Oliveira and F. Moura and F. Pedone},
   title     = {Partial Replication in the Database State Machine},
   booktitle = {NCA},
   year      = {2001}
}

@article{LinKJPA09,
   author    = {Y. Lin and B. Kemme and R. Jim{\'e}nez-Peris and M. Pati{\~n}o-Mart\'{\i}nez and J. Armend{\'a}riz-I{\~n}igo},
   title     = {Snapshot isolation and integrity constraints in replicated databases},
   journal   = {ACM Transactions on Database Systems},
   publisher = {ACM},
   volume    = {34},
   number    = {2},
   pages     = {11:1--11:49},
   year      = {2009}
}


@book{BHG87,
	author    = {P. Bernstein and V. Hadzilacos and N. Goodman},
	title     = {Concurrency Control and Recovery in Database Systems},
	publisher = {Addison-Wesley},
	year      = {1987}
}

@inproceedings{sciascia2012sdur,
   author    = {D. Sciascia and F. Pedone and F. Junqueira},
   title     = {Scalable deferred update replication},
   booktitle = {DSN},
   year      = {2012}
}

@inproceedings{kobus2013hybrid,
   author    = {T. Kobus and M. Kokocinski and P. Wojciechowski},
   title     = {Hybrid Replication: State-Machine-based and Deferred-Update Replication Schemes Combined},
   booktitle = {ICDCS},
   year      = {2013}
}

@inproceedings{chundi96dur,
   author    = {P. Chundi and D. Rosenkrantz and S. Ravi},
   title     = {Deferred updates and data placement in distributed databases},
   booktitle = {ICDE},
   year      = {1996}
}

@inproceedings{biely2012spaxos,
   author    = {M. Biely and Z. Milosevic and N. Santos and A. Schiper},
   title     = {{S-Paxos}: Offloading the Leader for High Throughput State Machine Replication},
   booktitle = {SRDS},
   year      = {2012}
}

@inproceedings{santos2013htsmr,
   author    = {N. Santos and A. Schiper},
   title     = {Achieving High-Throughput State Machine Replication in Multi-core Systems},
   booktitle = {ICDCS},
   year      = {2013}
}

@inproceedings{kapritsos2010scalable,
   author    = {M. Kapritsos and F. Junqueira},
   title     = {Scalable Agreement: Toward Ordering as a Service},
   booktitle = {HotDep},
   year      = {2010}
},
@INPROCEEDINGS{kotla2004htbft, 
author={Kotla, R. and Dahlin, M.}, 
booktitle={DSN}, 
title={High throughput Byzantine fault tolerance}, 
year={2004}
},
@article{curino2010sch,
 author = {Curino, Carlo and Jones, Evan and Zhang, Yang and Madden, Sam},
 title = {Schism: A Workload-driven Approach to Database Replication and Partitioning},
 journal = {Proc. VLDB Endow.},
 year = {2010}
},
@article{dustdar2007soc,
year={2007},
journal={Service Oriented Computing and Applications},
volume={1},
number={1},
title={Dynamic replication and synchronization of web services for high availability in mobile ad-hoc networks},
publisher={Springer-Verlag},
author={Dustdar, Schahram and Juszczyk, Lukasz},
pages={19-33}
}

@incollection{guessoum2003dar,
year={2003},
booktitle={Software Engineering for Large-Scale Multi-Agent Systems},
volume={2603},
series={Lecture Notes in Computer Science},
editor={Garcia, Alessandro and Lucena, Carlos and Zambonelli, Franco and Omicini, Andrea and Castro, Jaelson},
title={Dynamic and Adaptive Replication for Large-Scale Reliable Multi-agent Systems},
publisher={Springer Berlin Heidelberg},
author={Guessoum, Zahia and Briot, Jean-Pierre and Marin, Olivier and Hamel, Athmane and Sens, Pierre},
pages={182-198}
}

@techreport{birman2010dsr,
Author      = {Birman, Ken and Malkhi, Dahlia and van Renesse, Robbert},
Title       = {Virtually Synchronous Methodology for Dynamic Service Replication},
Institution = {Microsoft Research},
Year        = {2010},
Number      = {MSR-TR-2010-151}
}

@inproceedings{bezerra2014ssmr,
 author = {Bezerra, Carlos Eduardo and Pedone, Fernando and Renesse, Robbert Van},
 title = {Scalable State-Machine Replication},
 booktitle = {DSN},
 year = {2014}
} 

@inproceedings{hoang2016,
Author    = {L. L. Hoang and C. E. Bezerra and F. Pedone},
Title     = {Dynamic Scalable State Machine Replication},
booktitle   = {DSN},
Year      = {2016}
}

@inproceedings{le2016dssmr,
Author    = {Le, Long Hoang and Bezerra, Carlos Eduardo and Pedone, Fernando},
Title     = {Dynamic Scalable State Machine Replication},
booktitle   = {DSN},
Year      = {2016}
}
>>>>>>> b884b510aaddb9b92dfa0723366f244b064fc536
@article{CT96,
Author    = {T. D. Chandra and S. Toueg},
Title     = {Unreliable Failure Detectors for Reliable Distributed Systems},
Journal   = {Journal of the ACM},
Year      = {1996},
volume    = {43},
number    = {2},
pages     = {225--267}
}
@article{FLP85,
Author    = {M. J. Fischer and N.~A. Lynch and M.~S. Paterson},
Journal   = {Journal of the ACM},
Number    = {2},
Pages     = {374--382},
Title     = {Impossibility of distributed consensus with one faulty processor},
Volume    = {32},
Year      = {1985}
}
@article{Lam78,
Author    = {L. Lamport},
Journal   = {Communications of the ACM},
Number    = {7},
Pages     = {558--565},
Title     = {Time, Clocks, and the Ordering of Events in a Distributed System},
Volume    = {21},
Year      = {1978}
}
@article{Sch90,
Author    = {F. B. Schneider},
Journal   = {ACM Computing Surveys},
Number    = {4},
Pages     = {299--319},
Title     = {Implementing Fault-Tolerant Services Using the State Machine Approach: {A} Tutorial},
Volume    = {22},
Year      = {1990}
}
@Book{Attiya04,
author    ={"H. Attiya and J. Welch},
title     =	{Distributed Computing: Fundamentals, Simulations, and Advanced Topics},
publisher =	{Wiley-Interscience},
year      =  {2004},
ISBN      = 	{0471453242},
}
@article{BJ87b,
Author    = {Birman, Kenneth P. and Thomas A. Joseph},
Title     = {Reliable Communication in the Presence of Failures},
journal   = {ACM Transactions on Computer Systems (TOCS)},
month     = {feb},
Year      = {1987},
volume    = {5},
number    = {1},
pages     = {47--76}
}
@article{DSU04,
author    = {Xavier D{\'e}fago and Andr{\'e} Schiper and P{\'e}ter Urb{\'a}n},
title     = {Total order broadcast and multicast algorithms: Taxonomy and survey},
journal   = {ACM Comput. Surv.},
volume    = {36},
number    = {4},
year      = {2004},
pages     = {372-421},
}
@inproceedings{Moraru:2013gw,
author    = {Moraru, Iulian and Andersen, David G and Kaminsky, Michael},
title     = {{There is more consensus in Egalitarian parliaments}},
booktitle   = {SOSP},
year      = {2013},
}
@inproceedings{Mencius,
author    = {Mao, Yanhua and Junqueira, Flavio P. and Marzullo, Keith},
title     = {Mencius: building efficient replicated state machines for WANs},
booktitle   = {OSDI},
year      = {2008}
} 
@inproceedings{Marandi:2012hb,
author    = {Marandi, Parisa Jalili and Primi, Marco and Pedone, Fernando},
title     = {{Multi-Ring Paxos}},
booktitle   = {DSN},
year      = {2012}
}
@article{Lamport:1998ea,
author    = {Lamport, Leslie},
title     = {{The Part-Time Parliament}},
journal   = {ACM Trans. Comput. Syst. ()},
year      = {1998},
volume    = {16},
number    = {2},
pages     = {133--169}
}
@inproceedings{Kapritsos:2012um,
author    = {Kapritsos, Manos and Wang, Yang and Qu{\'e}ma, Vivien and Clement, Allen and Alvisi, Lorenzo and Dahlin, Mike},
title     = {{All about Eve: Execute-Verify Replication for Multi-Core Servers}},
booktitle   = {OSDI},
year      = {2012}
}
@inproceedings{Marandi:2014bj,
author    = {Marandi, Parisa Jalili and Bezerra, Carlos Eduardo Benevides and Pedone, Fernando},
title     = {{Rethinking State-Machine Replication for Parallelism}},
booktitle   = {ICDCS},
year      = {2014}
}
@inproceedings{Kotla:2004ep,
author    = {Kotla, Ramakrishna and Dahlin, Michael},
title     = {{High Throughput Byzantine Fault Tolerance}},
booktitle   = {DSN},
year      = {2004}
}

@inproceedings{Guo:2014jp,
author    = {Guo, Zhenyu and Hong, Chuntao and Yang, Mao and Zhou, Dong and Zhou, Lidong and Zhuang, Li},
title     = {{Rex: replication at the speed of multi-core}},
booktitle   = {EuroSys},
year      = {2014}
}
@inproceedings{Glendenning:2011kj,
author    = {Glendenning, Lisa and Beschastnikh, Ivan and Krishnamurthy, Arvind and Anderson, Thomas E},
title     = {{Scalable consistency in Scatter}},
booktitle   = {SOSP},
year      = {2011}
}
@inproceedings{Marandi:2011dj,
author    = {Marandi, Parisa Jalili and Primi, Marco and Pedone, Fernando},
title     = {{High performance state-machine replication}},
booktitle   = {DSN},
year      = {2011}
}

@inproceedings{bli16edcc,
  author = {Bijun Li and Wenbo and Muhammad Zeeshan Abid and Tobias Distler and R{\"u}diger Kapitza},
  title = {SAREK: Optimistic Parallel Ordering in Byzantine Fault Tolerance},
  year = {2016},
  booktitle = {EDCC}
}

@inproceedings{quamar2013sword,
 author = {Quamar, Abdul and Kumar, K. Ashwin and Deshpande, Amol},
 title = {SWORD: Scalable Workload-aware Data Placement for Transactional Workloads},
 booktitle = {EDBT},
 year = {2013}
}
