%% This BibTeX bibliography file was created using BibDesk.
%% xhttp://bibdesk.sourceforge.net/

%% Created for Fernando Pedone at 2006-08-18 14:12:55 +0200 

@article{DLS88,
  author  = {Dwork, Cynthia and Lynch, Nancy and Stockmeyer, Larry},
  title   = {Consensus in the presence of partial synchrony},
  journal = jacm,
  volume  = {35},
  number  = {2},
  year    = {1988},
  pages   = {288--323}
}