%% This BibTeX bibliography file was created using BibDesk.
%% xhttp://bibdesk.sourceforge.net/

%% Created for Fernando Pedone at 2006-08-18 14:12:55 +0200 

@inproceedings{delta4,
  author={Barret, P.A. and Hilborne, A.M. and Bond, P.G. and Seaton, D.T. and Verissimo, P. and Rodrigues, L. and Speirs, N.A.},
  booktitle={FTCS}, 
  title={The Delta-4 extra performance architecture (XPA)}, 
  year={1990}
}
  
@inproceedings{Junqueira2011,
  author={F. P. {Junqueira} and B. C. {Reed} and M. {Serafini}},
  booktitle={DSN}, 
  title={Zab: High-performance broadcast for primary-backup systems}, 
  year={2011}
}

@inproceedings{Aguilera2001, 
author = {Aguilera, Marcos Kawazoe and Delporte-Gallet, Carole and Fauconnier, Hugues and Toueg, Sam}, 
title = {Stable Leader Election}, 
year = {2001},
booktitle = {DISC}
}

@inproceedings{Coelho2017,
  author={P. R. {Coelho} and N. {Schiper} and F. {Pedone}},
  booktitle={DSN}, 
  title={Fast Atomic Multicast}, 
  year={2017}
}  

@inproceedings{Aguilera:2007,
 author = {Aguilera, Marcos K. and Merchant, Arif and Shah, Mehul and Veitch, Alistair and Karamanolis, Christos},
 title = {Sinfonia: A New Paradigm for Building Scalable Distributed Systems},
 booktitle = {SOSP},
 year = {2007}
 }
 
@inproceedings{Long2019,
  author={L. {Hoang Le} and E. {Fynn} and M. {Eslahi-Kelorazi} and R. {Soul\'{e}} and F. {Pedone}},
  booktitle={ICDCS}, 
  title={DynaStar: Optimized Dynamic Partitioning for Scalable State Machine Replication}, 
  year={2019}
}  
@inproceedings{CDE12,
	Author = {J. C. Corbett, J. Dean and M. Epstein et al},
	Booktitle = {OSDI},
	Title = {Spanner: Google's globally distributed database},
	Year = {2012}}

@article{CT96,
        author = "Chandra, T.D. and Toueg, S.",
	title  = "Unreliable failure detectors for reliable distributed systems",
	year   = 1996,
	journal = jacm,
	volume = 43,
	number = 2,
	pages = "225-267"
}

@incollection{HT93,
  Author = "V. Hadzilacos and S. Toueg",
  Title = "Fault-tolerant broadcasts and related problems",
  Editor = "Mullender, Sape J.",
  booktitle = "Distributed Systems",
  Publisher = "Addison-Wesley",
  Year = "1993",
  Chapter = 5,
  Pages = {97--145}
  }

@article{FLP85,
  Author = {M. J. Fischer and N. A. Lynch and M. S. Patterson},
  Title = {Impossibility of Distributed Consensus with one Faulty Process},
  Journal = jacm,
  volume = 32,
  number = 2,
  Year = 1985,
  pages = {374--382}
  }

@inproceedings {FaRM,
author = {Aleksandar Dragojevi{\'c} and Dushyanth Narayanan and Miguel Castro and Orion Hodson},
title = {FaRM: Fast Remote Memory},
booktitle = {NSDI},
year = {2014}
}

@inproceedings{APUS, 
author = {Wang, Cheng and Jiang, Jianyu and Chen, Xusheng and Yi, Ning and Cui, Heming}, 
title = {APUS: Fast and Scalable Paxos on RDMA}, 
year = {2017}, 
booktitle = {SoCC}
}

@inproceedings{DARE, 
author = {Poke, Marius and Hoefler, Torsten}, 
title = {DARE: High-Performance State Machine Replication on RDMA Networks}, 
year = {2015}, 
booktitle = {HPDC}
}

@inproceedings {Mu,
author = {Marcos K. Aguilera and Naama Ben-David and Rachid Guerraoui and Virendra J. Marathe and Athanasios Xygkis and Igor Zablotchi},
title = {Microsecond Consensus for Microsecond Applications},
booktitle = {OSDI},
year = {2020}
}

@article{Lam78,
  Author = {Lamport, L.},
  Title = {Time, Clocks, and the Ordering of Events in a Distributed System},
  Journal = cacm,
  month = jul,
  Year = 1978,
  volume = 21,
  number = 7,
  pages = {558--565}
 }

@article{L98,
  author = {Lamport, L.},
  title = {The Part-Time Parliament},
  journal = tocs,
  year = 1998,
  volume = 16,
  number = 2,
  pages = "133--169"
}

@article{BJ87b,
  Author = {Birman, K.P. and T.A. Joseph},
  Title = {Reliable Communication in the Presence of Failures},
  Journal = tocs,
  month = feb,
  Year = 1987,
  volume = 5,
  number = 1,
  pages = {47--76}
  }

@inproceedings{DuplyakinATC19cloudlab,
  title     = {The Design and Operation of {CloudLab}},
  author    = {Dmitry Duplyakin and Robert Ricci and Aleksander Maricq and Gary Wong and Jonathon Duerig and Eric Eide and Leigh Stoller and Mike Hibler and David Johnson and Kirk Webb and Aditya Akella and Kuangching Wang and Glenn Ricart and Larry Landweber and Chip Elliott and Michael Zink and Emmanuel Cecchet and Snigdhaswin Kar and Prabodh Mishra},
  booktitle = {{USENIX-ATC}},
  year      = 2019
}

@article{GS01b,
  author    = {R. Guerraoui and
               A. Schiper},
  title     = {Genuine atomic multicast in asynchronous distributed systems},
  journal   = {Theor. Comput. Sci.},
  volume    = {254},
  number    = {1-2},
  year      = {2001},
  pages     = {297-316},
  publisher = {Elsevier Science Publishers Ltd.}
}

@inproceedings{Aguilera2019,
  author    = {Aguilera, Marcos K. and Ben-David, Naama and Guerraoui, Rachid and Marathe, Virendra and Zablotchi, Igor},
  title     = {The Impact of RDMA on Agreement},
  year      = {2019},
  booktitle = {PODC}
}

@article{DLS88,
  author  = {Dwork, Cynthia and Lynch, Nancy and Stockmeyer, Larry},
  title   = {Consensus in the presence of partial synchrony},
  journal = jacm,
  volume  = {35},
  number  = {2},
  year    = {1988},
  pages   = {288--323}
}

@inproceedings{coelho2017fast,
  title        = {Fast atomic multicast},
  author       = {Coelho, Paulo R and Schiper, Nicolas and Pedone, Fernando},
  booktitle    = {{DSN}},
  year         = {2017},
  organization = {IEEE}
}

@inproceedings{esposito2018kernel,
  title        = {Kernel paxos},
  author       = {Esposito, Emanuele Giuseppe and Coelho, Paulo and Pedone, Fernando},
  booktitle    = {{SRDS}},
  year         = {2018},
  organization = {IEEE}
}

@inproceedings{gotsman2019white,
  title        = {White-Box Atomic Multicast},
  author       = {Gotsman, Alexey and Lefort, Anatole and Chockler, Gregory},
  booktitle    = {DSN},
  year         = {2019}
}

@article{ricci2014introducing,
  title     = {Introducing CloudLab: Scientific infrastructure for advancing cloud architectures and applications},
  author    = {Ricci, Robert and Eide, Eric and Team, CloudLab},
  journal   = {; login:: the magazine of USENIX \& SAGE},
  volume    = {39},
  number    = {6},
  pages     = {36--38},
  year      = {2014},
  publisher = {USENIX Association}
}

@article{pfister2001introduction,
  title={An introduction to the infiniband architecture},
  author={Pfister, Gregory F},
  journal={High performance mass storage and parallel I/O},
  volume={42},
  number={617-632},
  pages={102},
  year={2001}
}

@inproceedings{beck2011performance,
  title={Performance evaluation of the RDMA over ethernet (RoCE) standard in enterprise data centers infrastructure},
  author={Beck, Motti and Kagan, Michael},
  booktitle={DC-CaVES},
  year={2011}
}

@inproceedings{rashti200710,
  title={10-Gigabit iWARP Ethernet: comparative performance analysis with InfiniBand and Myrinet-10G},
  author={Rashti, Mohammad J and Afsahi, Ahmad},
  booktitle={IPDPS},
  pages={1--8},
  year={2007},
  organization={IEEE}
}

@inproceedings{kalia2016design,
  title={Design Guidelines for High Performance $\{$RDMA$\}$ Systems},
  author={Kalia, Anuj and Kaminsky, Michael and Andersen, David G},
  booktitle={{USENIX-ATC}},
  year={2016}
}

@inproceedings{kalia2014using,
  title={Using RDMA efficiently for key-value services},
  author={Kalia, Anuj and Kaminsky, Michael and Andersen, David G},
  booktitle={SIGCOMM},
  year={2014}
}

@inproceedings{mitchell2013using,
  title={Using One-Sided $\{$RDMA$\}$ Reads to Build a Fast, CPU-Efficient Key-Value Store},
  author={Mitchell, Christopher and Geng, Yifeng and Li, Jinyang},
  booktitle={{USENIX-ATC}},
  year={2013}
}

@inproceedings{wei2015fast,
  title={Fast in-memory transaction processing using RDMA and HTM},
  author={Wei, Xingda and Shi, Jiaxin and Chen, Yanzhe and Chen, Rong and Chen, Haibo},
  booktitle={SOSP},
  year={2015}
}

@article{binnig2015end,
  title={The end of slow networks: It's time for a redesign},
  author={Binnig, Carsten and Crotty, Andrew and Galakatos, Alex and Kraska, Tim and Zamanian, Erfan},
  journal={arXiv preprint arXiv:1504.01048},
  year={2015}
}

@article{huang2019rdma,
  title={RDMA-driven MongoDB: An approach of RDMA enhanced NoSQL paradigm for large-Scale data processing},
  author={Huang, Bobo and Jin, Li and Lu, Zhihui and Yan, Ming and Wu, Jie and Hung, Patrick CK and Tang, Qifeng},
  journal={Information Sciences},
  volume={502},
  pages={376--393},
  year={2019},
  publisher={Elsevier}
}

@inproceedings{islam2012high,
  title={High performance RDMA-based design of HDFS over InfiniBand},
  author={Islam, Nusrat S and Rahman, Mohammad Wahidur and Jose, Jithin and Rajachandrasekar, Raghunath and Wang, Hao and Subramoni, Hari and Murthy, Chet and Panda, Dhabaleswar K},
  booktitle={SC},
  year={2012},
  organization={IEEE}
}

@inproceedings{li2009early,
  title={Early experiences with write-write design of NFS over RDMA},
  author={Li, Bo and Zhang, Panyong and Huo, Zhigang and Meng, Dan},
  booktitle={NAS},
  year={2009},
  organization={IEEE}
}

@inproceedings{wu2003pvfs,
  title={PVFS over InfiniBand: Design and performance evaluation},
  author={Wu, Jiesheng and Wyckoff, Pete and Panda, Dhabaleswar},
  booktitle={ICPP},
  year={2003},
  organization={IEEE}
}

@article{jha2019derecho,
  title={Derecho: Fast state machine replication for cloud services},
  author={Jha, Sagar and Behrens, Jonathan and Gkountouvas, Theo and Milano, Matthew and Song, Weijia and Tremel, Edward and Renesse, Robbert Van and Zink, Sydney and Birman, Kenneth P},
  journal={ACM Transactions on Computer Systems (TOCS)},
  volume={36},
  number={2},
  pages={1--49},
  year={2019},
  publisher={ACM New York, NY, USA}
}

@inproceedings{moraru2013there,
  title={There is more consensus in egalitarian parliaments},
  author={Moraru, Iulian and Andersen, David G and Kaminsky, Michael},
  booktitle={SOSP},
  year={2013}
}

@inproceedings{fritzke1998fault,
  title={Fault-tolerant total order multicast to asynchronous groups},
  author={Fritzke, Udo and Ingels, Philippe and Most{\'e}faoui, Achour and Raynal, Michel},
  booktitle={SRDS},
  year={1998},
  organization={IEEE}
}

@inproceedings{rodrigues1998scalable,
  title={Scalable atomic multicast},
  author={Rodrigues, Luis and Guerraoui, Rachid and Schiper, Andr{\'e}},
  booktitle={ICCCN},
  year={1998},
  organization={IEEE}
}

@inproceedings{schiper2008inherent,
  title={On the inherent cost of atomic broadcast and multicast in wide area networks},
  author={Schiper, Nicolas and Pedone, Fernando},
  booktitle={ICDCN},
  year={2008},
  organization={Springer}
}

@inproceedings{delporte2000fault,
  title={Fault-Tolerant Genuine Atomic Multicast to Multiple Groups.},
  author={Delporte-Gallet, Carole and Fauconnier, Hugues},
  booktitle={OPODIS},
  year={2000},
  organization={Citeseer}
}

@inproceedings{marandi2012multi,
  title={Multi-ring paxos},
  author={Marandi, Parisa Jalili and Primi, Marco and Pedone, Fernando},
  booktitle={DSN},
  year={2012},
  organization={IEEE}
}

@inproceedings{bezerra2015ridge,
  title={Ridge: high-throughput, low-latency atomic multicast},
  author={Bezerra, Carlos Eduardo and Cason, Daniel and Pedone, Fernando},
  booktitle={SRDS},
  pages={256--265},
  year={2015},
  organization={IEEE}
}

@article{birman1987reliable,
  title={Reliable communication in the presence of failures},
  author={Birman, Kenneth P and Joseph, Thomas A},
  journal={ACM Transactions on Computer Systems (TOCS)},
  volume={5},
  number={1},
  pages={47--76},
  year={1987},
  publisher={ACM New York, NY, USA}
}

@inproceedings{dang2015netpaxos,
  title={Netpaxos: Consensus at network speed},
  author={Dang, Huynh Tu and Sciascia, Daniele and Canini, Marco and Pedone, Fernando and Soul{\'e}, Robert},
  booktitle={SIGCOMM},
  pages={1--7},
  year={2015}
}

@article{dang2016network,
  title={Network hardware-accelerated consensus},
  author={Dang, Huynh Tu and Bressana, Pietro and Wang, Han and Lee, Ki Suh and Weatherspoon, Hakim and Canini, Marco and Pedone, Fernando and Soul{\'e}, Robert},
  journal={arXiv preprint arXiv:1605.05619},
  year={2016}
}

@inproceedings{istvan2016consensus,
  title={Consensus in a box: Inexpensive coordination in hardware},
  author={Istv{\'a}n, Zsolt and Sidler, David and Alonso, Gustavo and Vukolic, Marko},
  booktitle={NSDI},
  year={2016}
}

@inproceedings{lu2017octopus,
  title={Octopus: an rdma-enabled distributed persistent memory file system},
  author={Lu, Youyou and Shu, Jiwu and Chen, Youmin and Li, Tao},
  booktitle={{USENIX-ATC}},
  year={2017}
}

@inproceedings{stuedi2013jverbs,
  title={jVerbs: ultra-low latency for data center applications},
  author={Stuedi, Patrick and Metzler, Bernard and Trivedi, Animesh},
  booktitle={SoCC},
  year={2013}
}
