%% This BibTeX bibliography file was created using BibDesk.
%% https://bibdesk.sourceforge.io/

%% Created for Long Le at 2020-03-04 10:41:27 +0100


%% Saved with string encoding Unicode (UTF-8)



@inproceedings{santos2013htsmr,
  author    = {N. Santos and A. Schiper},
  booktitle = {Proceedings of the 2013 IEEE 33rd International Conference on Distributed Computing Systems},
  pages     = {266-275},
  publisher = {{IEEE} Computer Society},
  series    = {ICDCS '13},
  title     = {Achieving High-Throughput State Machine Replication in Multi-core Systems},
  year      = {2013}
}

@article{Kapritsos:2012um,
  author  = {Kapritsos, Manos and Wang, Yang and Qu{\'e}ma, Vivien and Clement, Allen and Alvisi, Lorenzo and Dahlin, Mike},
  journal = {OSDI},
  pages   = {237--250},
  title   = {{All about Eve: Execute-Verify Replication for Multi-Core Servers}},
  year    = {2012}
}

@article{Chang:2008,
  author  = {Chang, Fay and Dean, Jeffrey and Ghemawat, Sanjay and Hsieh, Wilson C. and Wallach, Deborah A. and Burrows, Mike and Chandra, Tushar and Fikes, Andrew and Gruber, Robert E.},
  journal = {ACM Trans. Comput. Syst.},
  month   = jun,
  number  = {2},
  pages   = {4:1--4:26},
  title   = {Bigtable: A Distributed Storage System for Structured Data},
  volume  = {26},
  year    = {2008}
}

@inproceedings{MacCormick:2004,
  author    = {MacCormick, John and Murphy, Nick and Najork, Marc and Thekkath, Chandramohan A. and Zhou, Lidong},
  booktitle = {OSDI},
  title     = {Boxwood: Abstractions As the Foundation for Storage Infrastructure},
  year      = {2004}
}

@book{BHG87,
  author    = {P. Bernstein and V. Hadzilacos and N. Goodman},
  publisher = {Addison-Wesley},
  title     = {Concurrency Control and Recovery in Database Systems},
  year      = {1987}
}

@article{DLS88,
  author  = {Dwork, Cynthia and Lynch, Nancy and Stockmeyer, Larry},
  issn    = {0004-5411},
  journal = jacm,
  number  = {2},
  pages   = {288--323},
  title   = {Consensus in the presence of partial synchrony},
  volume  = {35},
  year    = {1988}
}

@inproceedings{chundi96dur,
  author    = {P. Chundi and D. Rosenkrantz and S. Ravi},
  booktitle = {Proceedings of the Twelfth International Conference on Data Engineering},
  pages     = {469-476},
  publisher = {{IEEE} Computer Society},
  series    = {ICDE '96},
  title     = {Deferred updates and data placement in distributed databases},
  year      = {1996}
}

@article{diskpaxos,
  address    = {Berlin, Heidelberg},
  author     = {Gafni, Eli and Lamport, Leslie},
  doi        = {10.1007/s00446-002-0070-8},
  issn       = {0178-2770},
  issue_date = {February 2003},
  journal    = {Distrib. Comput.},
  keywords   = {distributed computing, fault tolerance, consensus, state machine},
  month      = feb,
  number     = {1},
  numpages   = {20},
  pages      = {1--20},
  publisher  = {Springer-Verlag},
  title      = {Disk Paxos},
  url        = {https://doi.org/10.1007/s00446-002-0070-8},
  volume     = {16},
  year       = {2003},
  bdsk-url-1 = {https://doi.org/10.1007/s00446-002-0070-8}
}

@book{Attiya04,
  author    = {H. Attiya and J. Welch},
  isbn      = {0471453242},
  publisher = {Wiley-Interscience},
  title     = {Distributed Computing: Fundamentals, Simulations, and Advanced Topics},
  year      = {2004}
}

@incollection{guessoum2003dar,
  author    = {Guessoum, Zahia and Briot, Jean-Pierre and Marin, Olivier and Hamel, Athmane and Sens, Pierre},
  booktitle = {Software Engineering for Large-Scale Multi-Agent Systems},
  editor    = {Garcia, Alessandro and Lucena, Carlos and Zambonelli, Franco and Omicini, Andrea and Castro, Jaelson},
  pages     = {182-198},
  publisher = {Springer Berlin Heidelberg},
  series    = {Lecture Notes in Computer Science},
  title     = {Dynamic and Adaptive Replication for Large-Scale Reliable Multi-agent Systems},
  volume    = {2603},
  year      = {2003}
}

@article{dustdar2007soc,
  author    = {Dustdar, Schahram and Juszczyk, Lukasz},
  journal   = {Service Oriented Computing and Applications},
  number    = {1},
  pages     = {19-33},
  publisher = {Springer-Verlag},
  title     = {Dynamic replication and synchronization of web services for high availability in mobile ad-hoc networks},
  volume    = {1},
  year      = {2007}
}

@inproceedings{le2016dssmr,
  author     = {L. {Hoang Le} and C. E. {Bezerra} and F. {Pedone}},
  booktitle  = {2016 46th Annual IEEE/IFIP International Conference on Dependable Systems and Networks (DSN)},
  doi        = {10.1109/DSN.2016.11},
  issn       = {2158-3927},
  keywords   = {client-server systems;finite state machines;Internet;social networking (online);dynamic scalable state machine replication;DS-SMR;online services;client command execution;service state partitioning;linearizability;multipartition commands;state dynamic repartitioning;social network application;Servers;Scalability;Social network services;Chirp;Throughput;Fault tolerance;state machine;state machine replication;scalable;dynamic},
  month      = {June},
  pages      = {13-24},
  title      = {Dynamic Scalable State Machine Replication},
  year       = {2016},
  bdsk-url-1 = {https://doi.org/10.1109/DSN.2016.11}
}

@inproceedings{8885110,
  author     = {L. {Hoang Le} and E. {Fynn} and M. {Eslahi-Kelorazi} and R. {Soul{\'e}} and F. {Pedone}},
  booktitle  = {2019 IEEE 39th International Conference on Distributed Computing Systems (ICDCS)},
  doi        = {10.1109/ICDCS.2019.00145},
  issn       = {1063-6927},
  keywords   = {client-server systems;distributed processing;fault tolerant computing;finite state machines;DynaStar;optimized dynamic partitioning;scalable state machine replication;classic state machine replication;SMR;state partitioning;client commands;completely static schemes;data on-demand;dynamic partitioning scheme;prior dynamic schemes;replicated location oracle;data placement;workload changes;Servers;Protocols;Fault tolerance;Fault tolerant systems;Social networking (online);Benchmark testing;state machine replication;multi partition command;state partitioning},
  month      = {July},
  pages      = {1453-1465},
  title      = {DynaStar: Optimized Dynamic Partitioning for Scalable State Machine Replication},
  year       = {2019},
  bdsk-url-1 = {https://doi.org/10.1109/ICDCS.2019.00145}
}

@article{taft2014est,
  author  = {Taft, Rebecca and Mansour, Essam and Serafini, Marco and Duggan, Jennie and Elmore, Aaron J. and Aboulnaga, Ashraf and Pavlo, Andrew and Stonebraker, Michael},
  journal = {Proc. VLDB Endow.},
  title   = {{E-Store}: Fine-grained Elastic Partitioning for Distributed Transaction Processing Systems},
  year    = {2014}
}

@misc{disruption:google,
  author       = {Stephen Shankland},
  howpublished = {\url{https://www.cnet.com/news/google-spotlights-data-center-inner-workings/}},
  note         = {[Online; Accessed: 2020-02-20]},
  title        = {Google spotlights data center inner workings},
  year         = {2018}
}

@article{holme-kim,
  author    = {Holme, Petter and Kim, Beom Jun},
  journal   = {Physical review E},
  number    = {2},
  pages     = {026107},
  publisher = {APS},
  title     = {Growing scale-free networks with tunable clustering},
  volume    = {65},
  year      = {2002}
}

@inproceedings{Marandi:2011dj,
  author        = {P. Marandi and M. Primi and F. Pedone},
  booktitle     = {Proceedings of the 2011 IEEE/IFIP 41st International Conference on Dependable Systems \& Networks},
  date-modified = {2020-03-04 09:36:35 +0000},
  pages         = {454-465},
  publisher     = {{IEEE} Computer Society},
  series        = {DSN '11},
  title         = {High Performance State-Machine Replication},
  year          = {2011}
}

@article{Kotla:2004ep,
  author  = {Kotla, Ramakrishna and Dahlin, Michael},
  journal = {DSN},
  pages   = {575--584},
  title   = {{High Throughput Byzantine Fault Tolerance}},
  year    = {2004}
}

@misc{disruption:weather,
  author       = {Jon Brodkin},
  howpublished = {\url{https://arstechnica.com/information-technology/2012/10/hurricane-sandy-takes-data-centers-offline-with-flooding-power-outages/}},
  note         = {[Online; Accessed: 2020-02-20]},
  title        = {Hurricane Sandy takes data centers offline with flooding, power outages},
  year         = {2012}
}

@inproceedings{kobus2013hybrid,
  author    = {T. Kobus and M. Kokocinski and P. Wojciechowski},
  booktitle = {Proceedings of the 2013 IEEE 33rd International Conference on Distributed Computing Systems},
  pages     = {286-296},
  publisher = {{IEEE} Computer Society},
  series    = {ICDCS '13},
  title     = {Hybrid Replication: State-Machine-based and Deferred-Update Replication Schemes Combined},
  year      = {2013}
}

@article{Sch90,
  author  = {F. B. Schneider},
  journal = {ACM Computing Surveys},
  number  = {4},
  pages   = {299--319},
  title   = {Implementing Fault-Tolerant Services Using the State Machine Approach: {A} Tutorial},
  volume  = {22},
  year    = {1990}
}

@article{FLP85,
  author  = {M. J. Fischer and N.~A. Lynch and M.~S. Paterson},
  journal = {Journal of the ACM},
  number  = {2},
  pages   = {374--382},
  title   = {Impossibility of distributed consensus with one faulty processor},
  volume  = {32},
  year    = {1985}
}

@article{linearizability,
  author     = {Herlihy, Maurice and Wing, Jeannette},
  doi        = {10.1145/78969.78972},
  journal    = {ACM Transactions on Programming Languages and Systems},
  month      = {07},
  pages      = {463-},
  title      = {Linearizability: A Correctness Condition for Concurrent Objects},
  volume     = {12},
  year       = {1990},
  bdsk-url-1 = {https://doi.org/10.1145/78969.78972}
}

@article{Mencius,
  author   = {Mao, Yanhua and Junqueira, Flavio P. and Marzullo, Keith},
  journal  = {OSDI},
  location = {San Diego, California},
  numpages = {16},
  pages    = {369--384},
  title    = {Mencius: building efficient replicated state machines for WANs},
  year     = {2008}
}

@article{Marandi:2012hb,
  author  = {Marandi, Parisa Jalili and Primi, Marco and Pedone, Fernando},
  journal = {DSN},
  pages   = {1--12},
  title   = {{Multi-Ring Paxos}},
  year    = {2012}
}

@inproceedings{Abou-Rjeili:2006,
  author    = {Abou-Rjeili, Amine and Karypis, George},
  booktitle = {IPDPS'06},
  title     = {Multilevel Algorithms for Partitioning Power-law Graphs},
  year      = {2006}
}

@inproceedings{SousaOMP01,
  author    = {A. Sousa and R. Oliveira and F. Moura and F. Pedone},
  booktitle = {Proceedings of the IEEE International Symposium on Network Computing and Applications},
  pages     = {298-309},
  publisher = {{IEEE} Computer Society},
  series    = {NCA '01},
  title     = {Partial Replication in the Database State Machine},
  year      = {2001}
}

@article{BJ87b,
  author  = {Birman, Kenneth P. and Thomas A. Joseph},
  journal = {ACM Transactions on Computer Systems (TOCS)},
  month   = {feb},
  number  = {1},
  pages   = {47--76},
  title   = {Reliable Communication in the Presence of Failures},
  volume  = {5},
  year    = {1987}
}

@article{Marandi:2014bj,
  author  = {Marandi, Parisa Jalili and Bezerra, Carlos Eduardo Benevides and Pedone, Fernando},
  journal = {ICDCS},
  pages   = {368--377},
  title   = {{Rethinking State-Machine Replication for Parallelism}},
  year    = {2014}
}

@article{Guo:2014jp,
  author  = {Guo, Zhenyu and Hong, Chuntao and Yang, Mao and Zhou, Dong and Zhou, Lidong and Zhuang, Li},
  journal = {EuroSys :1-11:14},
  pages   = {11},
  title   = {{Rex: replication at the speed of multi-core}},
  year    = {2014}
}

@inproceedings{biely2012spaxos,
  author    = {M. Biely and Z. Milosevic and N. Santos and A. Schiper},
  booktitle = {Proceedings of the 2012 IEEE 31st Symposium on Reliable Distributed Systems},
  pages     = {111-120},
  publisher = {{IEEE} Computer Society},
  series    = {SRDS '12},
  title     = {{S-Paxos}: Offloading the Leader for High Throughput State Machine Replication},
  year      = {2012}
}

@inproceedings{kapritsos2010scalable,
  author    = {M. Kapritsos and F. Junqueira},
  booktitle = {Proceedings of the Sixth Worshop on Hot Topics in System Dependability},
  pages     = {1-8},
  publisher = {{USENIX} Association},
  series    = {HotDep '10},
  title     = {Scalable Agreement: Toward Ordering as a Service},
  year      = {2010}
}

@inproceedings{Glendenning:2011kj,
  author        = {L. Glendenning and I. Beschastnikh and A. Krishnamurthy and T. Anderson},
  booktitle     = {Proceedings of the Twenty-Third ACM Symposium on Operating Systems Principles},
  date-modified = {2020-03-04 09:39:10 +0000},
  pages         = {15-28},
  publisher     = {ACM},
  series        = {SOSP '11},
  title         = {Scalable consistency in {Scatter}},
  year          = {2011}
}

@inproceedings{sciascia2012sdur,
  author    = {D. Sciascia and F. Pedone and F. Junqueira},
  booktitle = {Proceedings of the 2012 42nd Annual IEEE/IFIP International Conference on Dependable Systems and Networks},
  pages     = {1-12},
  publisher = {{IEEE} Computer Society},
  series    = {DSN '12},
  title     = {Scalable deferred update replication},
  year      = {2012}
}

@article{bezerra2014ssmr,
  author  = {Bezerra, Carlos Eduardo and Pedone, Fernando and van Renesse, Robbert},
  journal = {DSN},
  pages   = {331-342},
  title   = {Scalable State Machine Replication},
  year    = {2014}
}

@article{curino2010sch,
  author  = {Curino, Carlo and Jones, Evan and Zhang, Yang and Madden, Sam},
  journal = {Proc. VLDB Endow.},
  title   = {Schism: A Workload-driven Approach to Database Replication and Partitioning},
  year    = {2010}
}

@inproceedings{Aguilera:2007,
  author    = {Aguilera, Marcos K. and Merchant, Arif and Shah, Mehul and Veitch, Alistair and Karamanolis, Christos},
  booktitle = {SOSP},
  title     = {Sinfonia: A New Paradigm for Building Scalable Distributed Systems},
  year      = {2007}
}

@misc{snapnets,
  author       = {Jure Leskovec and Andrej Krevl},
  howpublished = {\url{http://snap.stanford.edu/data}},
  month        = jun,
  title        = {{SNAP Datasets}: {Stanford} Large Network Dataset Collection},
  year         = 2014
}

@article{LinKJPA09,
  author    = {Y. Lin and B. Kemme and R. Jim{\'e}nez-Peris and M. Pati{\~n}o-Mart\'{\i}nez and J. Armend{\'a}riz-I{\~n}igo},
  journal   = {ACM Transactions on Database Systems},
  number    = {2},
  pages     = {11:1--11:49},
  publisher = {ACM},
  title     = {Snapshot isolation and integrity constraints in replicated databases},
  volume    = {34},
  year      = {2009}
}

@article{corbett2013spanner,
  author    = {J. Corbett and others},
  journal   = {ACM Transactions on Computer Systems},
  number    = {3},
  pages     = {8:1-8:22},
  publisher = {ACM},
  title     = {Spanner: Google's Globally Distributed Database},
  volume    = {31},
  year      = {2013}
}

@article{bezerra2016strong,
  author  = {Bezerra, Carlos Eduardo and Le, Long Hoang and Pedone, Fernando},
  journal = {IEEE Data Eng. Bull},
  number  = {1},
  pages   = {93-103},
  title   = {Strong Consistency at Scale.},
  volume  = {39},
  year    = {2016}
}

@misc{disruption:amazon,
  author       = {AWS{}Team},
  howpublished = {\url{https://aws.amazon.com/message/65648/}},
  note         = {[Online; Accessed: 2020-02-20]},
  title        = {Summary of the Amazon EC2 and Amazon RDS Service Disruption in the US East Region},
  year         = {2011}
}

@inproceedings{facebookTAO,
  author    = {Bronson, Nathan and Amsden, Zach and Cabrera, George and Chakka, Prasad and Dimov, Peter and Ding, Hui and Ferris, Jack and Giardullo, Anthony and Kulkarni, Sachin and Li, Harry and others},
  booktitle = {USENIX ATC},
  title     = {Tao: Facebook's distributed data store for the social graph},
  year      = {2013}
}

@inproceedings{Burrows:2006,
  author    = {Burrows, Mike},
  booktitle = {OSDI},
  title     = {The Chubby Lock Service for Loosely-coupled Distributed Systems},
  year      = {2006}
}

@inproceedings{Ghemawat:2003,
  author    = {Ghemawat, Sanjay and Gobioff, Howard and Leung, Shun-Tak},
  booktitle = {SOSP},
  title     = {The Google File System},
  year      = {2003}
}

@inproceedings{Shvachko:2003,
  author    = {Shvachko, K. and Hairong Kuang and Radia, S. and Chansler, R.},
  booktitle = {MSST},
  title     = {The Hadoop Distributed File System},
  year      = {2010}
}

@article{Lam98,
  author  = {L. Lamport},
  journal = {ACM Transactions on Computer Systems},
  month   = may,
  number  = 2,
  pages   = {133-169},
  title   = {The part-time parliament},
  volume  = {16},
  year    = 1998
}

@article{Moraru:2013gw,
  author  = {Moraru, Iulian and Andersen, David G and Kaminsky, Michael},
  journal = {SOSP},
  pages   = {358--372},
  title   = {{There is more consensus in Egalitarian parliaments}},
  year    = {2013}
}

@article{Lam78,
  author  = {L. Lamport},
  journal = {Communications of the ACM},
  number  = {7},
  pages   = {558--565},
  title   = {Time, Clocks, and the Ordering of Events in a Distributed System},
  volume  = {21},
  year    = {1978}
}

@article{DSU04,
  author  = {Xavier D{\'e}fago and Andr{\'e} Schiper and P{\'e}ter Urb{\'a}n},
  journal = {ACM Comput. Surv.},
  number  = {4},
  pages   = {372-421},
  title   = {Total order broadcast and multicast algorithms: Taxonomy and survey},
  volume  = {36},
  year    = {2004}
}

@article{CT96,
  author  = {T. D. Chandra and S. Toueg},
  journal = {Journal of the ACM},
  number  = {2},
  pages   = {225--267},
  title   = {Unreliable Failure Detectors for Reliable Distributed Systems},
  volume  = {43},
  year    = {1996}
}

@techreport{birman2010dsr,
  author      = {Birman, Ken and Malkhi, Dahlia and van Renesse, Robbert},
  institution = {Microsoft Research},
  number      = {MSR-TR-2010-151},
  title       = {Virtually Synchronous Methodology for Dynamic Service Replication},
  year        = {2010}
}
